% This file was created with Citavi 6.7.0.0

@online{.,
 author = {{Leybold Didactic GmbH}},
 title = {{Instruction Sheet 559 01}},
 url = {https://www.ld-didactic.de/documents/en-US/GA/GA/5/559/55901e.pdf},
 keywords = {GMT},
 urldate = {2020-11-22},
 abstract = {},
 pagetotal = {2},
 file = {55901e:Z\:\\HSRM\\LaTex_Quellen\\HSRM_Quellen\\Citavi Attachments\\55901e.pdf:pdf},
 subtitle = {{End-window counter for\textgreek{a}, \textgreek{b},\textgreek{g}Radiation andX-rays (559 01)}}
}


@online{2N2369.Datasheet.ComsetSemiconductors,
 author = {{Comset Semiconductors}},
 title = {{2N2369-2N2369A Datasheet EN}},
 urldate = {2020-12-08},
 abstract = {},
 pagetotal = {4},
 file = {2n2369:Z\:\\HSRM\\LaTex_Quellen\\HSRM_Quellen\\Citavi Attachments\\2n2369.pdf:pdf}
}


@misc{Alebrand.,
 author = {Alebrand, Sabine},
 title = {{Skript zur Vorlesung {\textquotedbl}Optik{\textquotedbl}, Sommersemester 2020}},
 keywords = {Optik},
 abstract = {},
 organization = {{Hochschule RheinMain}}
}


@misc{AlexanderDorr.GMT,
 author = {D{\"o}rr, Alexander},
 title = {{Geiger-M{\"u}ller Tube and Counting Statistics}},
 abstract = {},
 date = {2019-10-08},
 location = {R{\"u}sselsheim},
 subtitle = {{Physics Lab 3}},
 urldate = {2020-12-05},
 organization = {{Hochschule RheinMain}},
 file = {Geiger-Mueller:Z\:\\HSRM\\LaTex_Quellen\\HSRM_Quellen\\Citavi Attachments\\Geiger-Mueller.pdf:pdf}
}


@online{ATIS.AmericanTelecomStandards2001,
 author = {ATIS},
 title = {{ATIS Telecom Glossary}},
 url = {https://glossary.atis.org/},
 urldate = {2020-12-16},
 abstract = {Glossary of the American Telecommunication Standards as of 2001},
 organization = {ATIS},
 file = {https://glossary.atis.org/glossary/},
 subtitle = {{American National Standard T1.523-2001}}
}


@online{Belden.RG-58/U.CoaxCable.Datasheet,
 author = {Belden},
 title = {{82240 Coax - RG-58/U Type technical Datasheet}},
 url = {https://catalog.belden.com/techdatam/82240.pdf},
 urldate = {2020-10-12},
 abstract = {},
 pagetotal = {3},
 file = {RG-58_U_coax_cable:Z\:\\HSRM\\LaTex_Quellen\\HSRM_Quellen\\Citavi Attachments\\RG-58_U_coax_cable.pdf:pdf}
}


@book{Bonnet.2009,
 author = {Bonnet, Martin},
 year = {2009},
 title = {{Kunststoffe in der Ingenieuranwendung}},
 keywords = {Chemie;Werkstoffe},
 edition = {1. Aufl.},
 publisher = {{Vieweg+Teubner Verlag / GWV Fachverlage GmbH Wiesbaden}},
 isbn = {9783834893031},
 subtitle = {{Verstehen und zuverl{\"a}ssig ausw{\"a}hlen}},
 language = {ger},
 location = {Wiesbaden},
 abstract = {},
 doi = {10.1007/978-3-8348-9303-1},
 file = {http://external.dandelon.com/download/attachments/dandelon/ids/DE_FHGE_Gelsenkirchen5A2CCDCFD856E892C125755A005ECA26.pdf},
 file = {https://external.dandelon.com/download/attachments/dandelon/ids/DE_FHGE_Gelsenkirchen5A2CCDCFD856E892C125755A005ECA26.pdf}
}


@online{cooper.pairs.uni-wuppertal.20061012,
 year = {2006-10-12},
 title = {{Cooper Pairs and the BCS Theory of Superconductivity}},
 url = {http://hydrogen.physik.uni-wuppertal.de/hyperphysics/hyperphysics/hbase/solids/coop.html},
 urldate = {2021-01-15},
 abstract = {}
}


@book{Demtroder.2017.Experimentalphysik.2,
 author = {Demtr{\"o}der, Wolfgang},
 year = {2017},
 title = {{Experimentalphysik 2}},
 keywords = {Physik;PhysPraktikum},
 publisher = {{Springer Berlin Heidelberg}},
 isbn = {978-3-662-55789-1},
 location = {Berlin, Heidelberg},
 abstract = {},
 doi = {10.1007/978-3-662-55790-7}
}


@book{Demtroder.2018.Experimentalphysik.1,
 author = {Demtr{\"o}der, Wolfgang},
 year = {2018},
 title = {{Experimentalphysik 1}},
 keywords = {Physik;PhysPraktikum},
 publisher = {{Springer Berlin Heidelberg}},
 isbn = {978-3-662-54846-2},
 location = {Berlin, Heidelberg},
 abstract = {},
 doi = {10.1007/978-3-662-54847-9}
}


@misc{Dorr.,
 author = {D{\"o}rr, Alexander},
 title = {{Skript zur Vorlesung {\textquotedbl}Messdatenerfassung{\textquotedbl}, Sommersemester 2020}},
 keywords = {Elektronik;Physik},
 abstract = {},
 organization = {{Hochschule RheinMain}}
}


@misc{Dr.EszterGeberth.WT2,
 author = {Geberth, Eszter},
 title = {{Vorlesung zu Werkstofftechnik 2}},
 keywords = {Werkstoffe},
 abstract = {},
 date = {Wintersemester 20/21},
 location = {R{\"u}sselsheim},
 organization = {{Hochschule RheinMain}},
 file = {WT2_AP_WS2020_Teil_1:Z\:\\HSRM\\LaTex_Quellen\\HSRM_Quellen\\Citavi Attachments\\WT2_AP_WS2020_Teil_1.pdf:pdf;Werkstofftechnik_2_AP_Skript:Z\:\\HSRM\\LaTex_Quellen\\HSRM_Quellen\\Citavi Attachments\\Werkstofftechnik_2_AP_Skript.pdf:pdf}
}


@book{Eichler.2016,
 author = {Eichler, Hans-Joachim and Kronfeldt, Heinz-Detlef and Sahm, J{\"u}rgen},
 year = {2016},
 title = {{Das neue Physikalische Grundpraktikum}},
 keywords = {Optik;Physik;PhysPraktikum},
 edition = {3., erg{\"a}nzte und aktualisierte Auflage 2016},
 publisher = {{Springer Spektrum}},
 isbn = {978-3-662-49022-8},
 language = {en},
 location = {Berlin and Heidelberg},
 series = {{Springer-Lehrbuch}},
 abstract = {Grundbegriffe der Messtechnik -- Bewegungen und Kr{\"a}fte -- Deformierbare K{\"o}rper und Akustik -- Vielteilchensysteme und Thermodynamik -- Gleich- und Wechselstromkreise -- Elektrische und magnetische Felder -- Halbleiterelektronik -- Linsen und optische Instrumente -- Licht- und Mikrowellen -- Photonen, Elektronen und Atome -- Radioaktivit{\"a}t und Strahlenschutz -- Digitalelektronik und Computer



Das vorliegende Werk bietet in seiner vollst{\"a}ndig {\"u}berarbeiteten dritten Auflage auch weiterhin eine hervorragende Begleitung f{\"u}r Physik-Praktika im Bachelorstudium. In 12 Kapiteln mit insgesamt 52 Themenkreisen werden mehr als 200 Einzelaufgaben jeweils mit Zielsetzung, Literaturangaben, physikalischen Grundlagen, Ger{\"a}tezubeh{\"o}r sowie Hinweisen zu Messung und Auswertung ausf{\"u}hrlich beschrieben. Anschauliche Piktogramme f{\"u}hren durch das durchgehend zweifarbig gestaltete Buch, um die einzelnen Elemente voneinander abzuheben. Formeln, die zum Grundwissen geh{\"o}ren, und andere wichtige Formeln werden besonders hervorgehoben. Rundum ein innovatives Buch f{\"u}r alle Studierenden mit Haupt- oder Nebenfach Physik. Die Neuauflage des neuen Physikalischen Grundpraktikums enth{\"a}lt neue Experimente zu Mikrowellen, Polarisation, Fl{\"u}ssigkristallen, R{\"o}ntgenstrahlung, Gamma-Spektroskopie u. a. Zudem wurden die Messverfahren weitgehend auf moderne digitale Messtechnik umgestellt. Die Autoren Hans Joachim Eichler Promotion 1967 und Habilitation 1969 an der TU Berlin; 1971-1978 Gr{\"u}ndungssprecher des Fachbereiches Physik an der TU Berlin; seit 1972 ord. Professor f{\"u}r Experimentalphysik; 1980-1983 Forschungsaufenthalte an den AT {\&} T-Bell Laboratorien (Holmdel, USA); seit 1982 Vorsitzender der Arbeitsgemeinschaft Quanten-Optik der DPG und DGaO; 2003-2007 gesch{\"a}ftsf{\"u}hrender Direktor des Optischen Instituts; 2003-2013 Gesch{\"a}ftsf{\"u}hrer der Laser-Medizin-Technologie-Berlin GmbH. Heinz-Detlef Kronfeldt Geboren 1949 in Berlin; Promotion 1979 an der TU Berlin; Forschungsaufenthalt 1980 bei AEG-Telefunken; Habilitation 1989 an der TU Berlin und Privat-Dozent; nach 1989 Leiter der Arbeitsgruppe Laserspektroskopie am Optischen Institut der TU Berlin, Themenschwerpunkte Atomphysik und Umweltphysik. J{\"u}rgen Sahm Studium und Promotion an der TU Berlin; 1970-1980 Professor f{\"u}r Physik an der PH Berlin; seit 1980 Professor f{\"u}r Experimentalphysik an der TU Berlin; 1987-1993 Dekan des Fachbereichs Physik der TU Berlin; 1999-2002 Vizepr{\"a}sident der TU Berlin f{\"u}r Lehre und Studium; seit 2004 emeritiert},
 pagetotal = {470},
 doi = {10.1007/978-3-662-49023-5},
 note = {Eichler, Hans-Joachim (VerfasserIn)

Kronfeldt, Heinz-Detlef (VerfasserIn)

Sahm, J{\"u}rgen (VerfasserIn)},
 file = {2016_Bookmatter_DasNeuePhysikalischeGrundprakt:Z\:\\HSRM\\LaTex_Quellen\\HSRM_Quellen\\Citavi Attachments\\2016_Bookmatter_DasNeuePhysikalischeGrundprakt.pdf:pdf;Eichler2016_Chapter_BewegungenUndKräfte:Z\:\\HSRM\\LaTex_Quellen\\HSRM_Quellen\\Citavi Attachments\\Eichler2016_Chapter_BewegungenUndKräfte.pdf:pdf;Eichler2016_Chapter_DeformierbareKörperUndAkustik:Z\:\\HSRM\\LaTex_Quellen\\HSRM_Quellen\\Citavi Attachments\\Eichler2016_Chapter_DeformierbareKörperUndAkustik.pdf:pdf;Eichler2016_Chapter_DigitalelektronikUndComputer:Z\:\\HSRM\\LaTex_Quellen\\HSRM_Quellen\\Citavi Attachments\\Eichler2016_Chapter_DigitalelektronikUndComputer.pdf:pdf;Eichler2016_Chapter_ElektrischeUndMagnetischeFelde:Z\:\\HSRM\\LaTex_Quellen\\HSRM_Quellen\\Citavi Attachments\\Eichler2016_Chapter_ElektrischeUndMagnetischeFelde.pdf:pdf;Eichler2016_Chapter_Gleich-UndWechselstromkreise:Z\:\\HSRM\\LaTex_Quellen\\HSRM_Quellen\\Citavi Attachments\\Eichler2016_Chapter_Gleich-UndWechselstromkreise.pdf:pdf;Eichler2016_Chapter_GrundbegriffeDerMesstechnik:Z\:\\HSRM\\LaTex_Quellen\\HSRM_Quellen\\Citavi Attachments\\Eichler2016_Chapter_GrundbegriffeDerMesstechnik.pdf:pdf;Eichler2016_Chapter_Halbleiterelektronik:Z\:\\HSRM\\LaTex_Quellen\\HSRM_Quellen\\Citavi Attachments\\Eichler2016_Chapter_Halbleiterelektronik.pdf:pdf;Eichler2016_Chapter_Licht-UndMikrowellen:Z\:\\HSRM\\LaTex_Quellen\\HSRM_Quellen\\Citavi Attachments\\Eichler2016_Chapter_Licht-UndMikrowellen.pdf:pdf;Eichler2016_Chapter_LinsenUndOptischeInstrumente:Z\:\\HSRM\\LaTex_Quellen\\HSRM_Quellen\\Citavi Attachments\\Eichler2016_Chapter_LinsenUndOptischeInstrumente.pdf:pdf;Eichler2016_Chapter_PhotonenElektronenUndAtome:Z\:\\HSRM\\LaTex_Quellen\\HSRM_Quellen\\Citavi Attachments\\Eichler2016_Chapter_PhotonenElektronenUndAtome.pdf:pdf;Eichler2016_Chapter_RadioaktivitätUndStrahlenschut:Z\:\\HSRM\\LaTex_Quellen\\HSRM_Quellen\\Citavi Attachments\\Eichler2016_Chapter_RadioaktivitätUndStrahlenschut.pdf:pdf;Eichler2016_Chapter_VielteilchensystemeUndThermody:Z\:\\HSRM\\LaTex_Quellen\\HSRM_Quellen\\Citavi Attachments\\Eichler2016_Chapter_VielteilchensystemeUndThermody.pdf:pdf}
}


@book{Einführung.In.Die.Festkörperphysik.Kopitzki.2017,
 author = {Kopitzki, Konrad and Herzog, Peter},
 year = {2017},
 title = {{Einf{\"u}hrung in die Festk{\"o}rperphysik}},
 keywords = {Festk{\"o}rper;Physik},
 publisher = {{Springer Berlin Heidelberg}},
 isbn = {978-3-662-53577-6},
 location = {Berlin, Heidelberg},
 abstract = {},
 doi = {10.1007/978-3-662-53578-3}
}


@book{Festkörperphysik.Ibach.1995,
 author = {Ibach, Harald and L{\"u}th, Hans},
 year = {1995},
 title = {{Festk{\"o}rperphysik}},
 keywords = {Festk{\"o}rper;Physik},
 publisher = {{Springer Berlin Heidelberg}},
 isbn = {978-3-540-58575-6},
 location = {Berlin, Heidelberg},
 abstract = {},
 doi = {10.1007/978-3-662-11740-8}
}


@book{Haberle.2007,
 author = {H{\"a}berle, Gregor D.},
 year = {2007},
 title = {{Tabellenbuch Elektrotechnik}},
 keywords = {Elektronik;Physik},
 edition = {22. neu bearb. und erw. Aufl.},
 publisher = {Europa-Lehrmittel},
 isbn = {978-3-8085-3218-8},
 subtitle = {{Tabellen, Formeln, Normenanwendung}},
 language = {ger},
 location = {Haan-Gruiten},
 series = {{Europa-Fachbuchreihe f{\"u}r elektrotechnische, elektronische und informationstechnische Berufe}},
 abstract = {},
 pagetotal = {472},
 file = {http://d-nb.info/98563037X/04},
 file = {http://deposit.d-nb.de/cgi-bin/dokserv?id=3002621&prov=M&dok_var=1&dok_ext=htm}
}


@collection{Halliday.2005,
 year = {2005},
 title = {{Physik}},
 keywords = {Physik},
 edition = {1. korr. Nachdr},
 publisher = {Wiley-VCH},
 isbn = {3-527-40366-3},
 editor = {Halliday, David and Resnick, Robert and Walker, Jearl and Koch, Stephan W.},
 abstract = {},
 pagetotal = {1388},
 language = {ger},
 location = {Weinheim},
 file = {https://external.dandelon.com/download/attachments/dandelon/ids/DE001E6C55C96A03902EDC1257157004A86BC.pdf}
}


@misc{HX711.24bit.ADC.2021,
 author = {{AVIA Semiconductor}},
 title = {{24-Bit Analog-to-Digital Converter (ADC) for Weigh Scales}},
 url = {https://eu.mouser.com/datasheet/2/813/hx711_english-1022875.pdf},
 urldate = {2021-01-09},
 editor = {{AVIA Semiconductor}},
 abstract = {},
 titleaddon = {{Datasheet}},
 subtitle = {{HX711}}
}


@online{Kozel.,
 author = {Kozel, H.},
 editor = {{SILA Schwei{\ss}technik Ges.m.b.H.}},
 title = {{Grundlagen der Widerstandsschweisstechnik}},
 url = {https://sila.at/wp-content/uploads/2014/07/sila_info.pdf},
 keywords = {Punktschwei{\ss}en},
 urldate = {2020-11-20},
 abstract = {},
 pagetotal = {22},
 file = {Kozel - info:Z\:\\HSRM\\LaTex_Quellen\\HSRM_Quellen\\Citavi Attachments\\Kozel - info.pdf:pdf}
}


@online{Lauren.20210109.3waysMeasureSurfaceTension,
 author = {Laur{\'e}n, Susanna},
 editor = {{Biolin Scientific}},
 year = {2018-02-06},
 title = {3 ways to measure surface tension},
 url = {https://www.biolinscientific.com/blog/3-ways-to-measure-surface-tension},
 keywords = {PhysPrakt3-4},
 urldate = {2021-01-09},
 abstract = {Explains three different methods to measure surface tension.}
}


@online{Lauren.20210109.whatAreSurfactants,
 author = {Laur{\'e}n, Susanna},
 editor = {{Biolin Scientific}},
 year = {2021-06-26},
 title = {{What are surfactants and how do they work?}},
 url = {https://www.biolinscientific.com/blog/what-are-surfactants-and-how-do-they-work},
 keywords = {PhysPrakt3-4},
 urldate = {2021-01-09},
 abstract = {A term surfactant comes from the word surface active agent. At the interface, they align themselves so that the hydrophobic part is in the air and hydrophilic part is in water. This will cause the decrease in surface or interfacial tensions.}
}


@online{MillerElectricMfg.LLC.,
 author = {{Miller Electric Mfg. LLC}},
 title = {003335e 2018-08},
 url = {https://www.millerwelds.com/-/media/miller-electric/files/pdf/resources/resistance.pdf},
 keywords = {Punktschwei{\ss}en},
 urldate = {2020-11-20},
 abstract = {},
 pagetotal = {16},
 file = {aradda - 003335e:Z\:\\HSRM\\LaTex_Quellen\\HSRM_Quellen\\Citavi Attachments\\aradda - 003335e.pdf:pdf},
 subtitle = {{Guidelines For Resistance Spot Welding}}
}


@online{NobelPrize.org.physics1920,
 author = {NobelPrize.org},
 year = {2020-11-27},
 title = {{The Nobel Prize in Physics 1920}},
 url = {https://www.nobelprize.org/prizes/physics/1920/summary/},
 urldate = {2020-11-27},
 abstract = {The Nobel Prize in Physics 1920 was awarded to Charles Edouard Guillaume {\textquotedbl}in recognition of the service he has rendered to precision measurements in Physics by his discovery of anomalies in nickel steel alloys{\textquotedbl}.}
}


@book{Papula.MatheFormelsammlung.2017,
 author = {Papula, Lothar},
 year = {2017},
 title = {{Mathematische Formelsammlung}},
 publisher = {{Springer Fachmedien Wiesbaden}},
 isbn = {978-3-658-16194-1},
 location = {Wiesbaden},
 abstract = {},
 doi = {10.1007/978-3-658-16195-8},
 file = {2017_Papula_MathematischeFormelsammlung:Z\:\\HSRM\\LaTex_Quellen\\HSRM_Quellen\\Citavi Attachments\\2017_Papula_MathematischeFormelsammlung.pdf:pdf}
}


@book{Papula.MatheIngenieure.2018,
 author = {Papula, Lothar},
 year = {2018},
 title = {{Mathematik f{\"u}r Ingenieure und Naturwissenschaftler Band 1}},
 publisher = {{Springer Fachmedien Wiesbaden}},
 isbn = {978-3-658-21745-7},
 location = {Wiesbaden},
 abstract = {},
 doi = {10.1007/978-3-658-21746-4},
 file = {2018_Papula_MathematikFuerIngenieureUndNaturwissenschaftler_Band1:Z\:\\HSRM\\LaTex_Quellen\\HSRM_Quellen\\Citavi Attachments\\2018_Papula_MathematikFuerIngenieureUndNaturwissenschaftler_Band1.pdf:pdf}
}


@online{Phidgets.20190228.StrainGaugePrimer,
 editor = {{Phidgets Inc.}},
 year = {2019-02-28},
 title = {{Strain Gauge Primer - Phidgets Support}},
 url = {https://www.phidgets.com/docs/Strain_Gauge_Primer},
 keywords = {PhysPrakt3-4},
 urldate = {2021-01-09},
 abstract = {Strain gauges are tiny sensors that are placed on a surface to measure the amount of strain being put on the object. Learn more at Phidgets.com.}
}


@online{PHYWESystemeGmbHundCo.KG.,
 author = {{PHYWE Systeme GmbH und Co. KG}},
 title = {{Hall-Effekt-Modul 11801-00}},
 url = {http://www.phywe-es.com/index.php/fuseaction/download/lrn_file/bedanl.pdf/11801.00/d/1180100d.pdf},
 keywords = {Elektronik;Physik},
 urldate = {2020-10-24},
 abstract = {}
}


@book{Ritter.2018,
 author = {Ritter, Helmut},
 year = {2018},
 title = {{Makromolek{\"u}le I}},
 keywords = {Chemie},
 publisher = {{Springer Spektrum}},
 isbn = {9783662559567},
 subtitle = {{Von einfachen Chemierohstoffen zu Hochleistungspolymeren}},
 language = {ger},
 location = {Berlin, Heidelberg},
 series = {{SpringerLink B{\"u}cher}},
 abstract = {Einf{\"u}hrung -- Grundlagen -- Charakterisierung und Eigenschaften von Makromolek{\"u}len -- Synthese von Polymeren durch Polykondensation -- Synthese von Polymeren durch Polymerisation -- Kurzes Schlusswort



Dieses praxisorientierte Lehrbuch ist f{\"u}r Studierende der Chemie, Physik, Biologie, Ingenieurwissenschaften sowie der Medizin von Bedeutung. Es hat das Ziel, die {\glqq}Makromolekulare Chemie{\grqq}, die eine fach{\"u}bergreifende Wissenschaft ist, dem Leser auf anschaulichem Wege n{\"a}herzubringen. Es werden Methoden der Organischen Chemie, der Physikalischen Chemie und der Physik sowie mathematische Ans{\"a}tze verst{\"a}ndlich beschrieben und erl{\"a}utert. Erstmalig bilden Tafelbilder, die mittels Kreide und Schwamm in Vorlesungen entstanden sind, das Ger{\"u}st eines Lehrbuches f{\"u}r Polymerchemie. Fachliche Erl{\"a}uterungen im Flie{\ss}text und pers{\"o}nliche Geschichten, die zur Veranschaulichung beitragen, kommentieren das jeweilige Tafelbild. Anhand vieler Beispiele wird der Weg vom Erd{\"o}l bzw. der Kohle zum Kunststoff aufgezeigt. Auch dieser Aspekt unterscheidet das neue Lehrbuch von anderen auf dem Markt befindlichen Werken. Der Autor Prof. Dr. Dr. h. c. Helmut Ritter ist aktuell Mitherausgeber von zwei Chemie-Zeitschriften und in der Industrie im Bereich von Kunststoff-Entwicklungen beratend t{\"a}tig. Er hat als Professor an den Universit{\"a}ten D{\"u}sseldorf (2001-2014), Mainz (1998-2001) und Wuppertal (1982-1998) langj{\"a}hrige Erfahrung auf dem Gebiet der Polymerchemie durch Forschung und Lehre erworben. Nach seiner Promotion in Mainz im Jahr 1975 ist er von 1976-1998 in der Industrie bei der Bayer AG in Krefeld-Uerdingen im Bereich Forschung und Entwicklung von neuen Polymeren f{\"u}r Pigmentbeschichtung, Membrantechnik und Diagnostik t{\"a}tig gewesen. Er hat sich 1989 an der Bergischen Universit{\"a}t Wuppertal f{\"u}r das Fach Organische Polymerchemie habilitiert und ist Coautor von {\"u}ber 350 Ver{\"o}ffentlichungen und als Miterfinder beteiligt an zahlreichen Patentschriften},
 pagetotal = {226},
 doi = {10.1007/978-3-662-55956-7},
 note = {Ritter, Helmut (VerfasserIn)}
}


@book{Roos.2017,
 author = {Roos, Eberhard and Maile, Karl and Seidenfu{\ss}, Michael},
 year = {2017},
 title = {{Werkstoffkunde f{\"u}r Ingenieure}},
 keywords = {Werkstoffe},
 edition = {6., erg{\"a}nzte und bearbeitete Auflage},
 publisher = {{Springer Vieweg}},
 isbn = {978-3-662-49531-5},
 subtitle = {{Grundlagen, Anwendung, Pr{\"u}fung}},
 language = {ger},
 location = {Berlin},
 series = {{Lehrbuch}},
 abstract = {{\"U}berblick -- Atomarer Aufbau kristalliner Stoffe -- Legierungsbildung -- Thermisch aktivierte Vorg{\"a}nge -- Mechanische Eigenschaften -- Eisenwerkstoffe -- Nichteisenmetalle -- Kunststoffe -- Keramische Werkstoffe -- Verbundwerkstoffe -- Physikalische Eigenschaften -- Korrosion -- Recycling -- Tribologische Beanspruchung -- Kriterien zur Werkstoffauswahl -- Kriterien zur Schadensbewertung -- Antworten zu den Verst{\"a}ndnisfragen -- Weiterf{\"u}hrende Literatur



Nach einer Einf{\"u}hrung in die Grundlagen der Werkstoffwissenschaft werden in diesem gut eingef{\"u}hrten Lehrbuch die Anwendungsaspekte der Werkstoffe behandelt. Insbesondere die mechanischen Eigenschaften und das Verhalten von Werkstoffgruppen unter unterschiedlichen Umgebungs- und Belastungsbedingungen werden erl{\"a}utert. Ein besonderer Schwerpunkt liegt auf der Darstellung der technischen Gebrauchseigenschaften der Werkstoffe. So werden f{\"u}r ausgew{\"a}hlte Werkstoffe die Materialkonstanten und Festigkeitskennwerte angegeben. Behandelt werden St{\"a}hle und Stahllegierungen f{\"u}r besondere Anwendungen, Leichtmetalle, Nichteisenmetalle, Kunststoffe, Keramiken und Verbundwerkstoffe. Weitere Aspekte des Buches sind die Darstellungen der M{\"o}glichkeiten der zerst{\"o}renden und zerst{\"o}rungsfreien Werkstoffpr{\"u}fung. Eingegangen wird auf die spezifischen Sch{\"a}digungsmechanismen der unterschiedlichen Werkstoffgruppen und deren Gesetzm{\"a}{\ss}igkeiten. Dabei bilden Korrosion und Verschlei{\ss} einen besonderen Schwerpunkt. Verst{\"a}ndnisfragen zu jedem Kapitel runden das Buch ab. Die Zielgruppen In erster Linie Studierende des Maschinenbaus, der Fahrzeug- und Motorentechnik sowie artverwandter Ingenieurstudieng{\"a}nge. Weiterhin Studierende aus den Natur-und Wirtschaftswissenschaften. Das Buch ist auch bestens geeignet als berufsbegleitendes Nachschlagewerk. Die Autoren Prof. Dr.-Ing. habil. Eberhard Roos wurde, nach verschiedenen Stationen in der Industrie, 1995 zum Direktor der Materialpr{\"u}fungsanstalt (MPA) der Universit{\"a}t Stuttgart berufen. Die Schwerpunkte in der Lehre waren Materialpr{\"u}fung, Werkstoffkunde und Festigkeitslehre. Ein Forschungsschwerpunkt war die Methodenentwicklung zur Integrit{\"a}tsbewertung von Bauteilen. Apl. Prof. Dr. -Ing. habil. Karl Maile war stellvertretender Direktor der Materialpr{\"u}fungsanstalt Universit{\"a}t Stuttgart (MPA). Die Schwerpunkte seiner Arbeiten in Forschung und Lehre lagen in der Werkstofftechnik, Bauteilqualifizierung und -bewertung sowie in der Qualit{\"a}tssicherung. PD Dr.-Ing. Michael Seidenfu{\ss} ist seit 2015 stellvertretender Institutsleiter am Institut f{\"u}r Materialpr{\"u}fung, Werkstoffkunde und Festigkeitslehre der Universit{\"a}t Stuttgart. Die Schwerpunkte in Forschung und Lehre liegen auf den Gebieten der Werkstoffkunde und Werkstoffmechanik},
 pagetotal = {443},
 doi = {10.1007/978-3-662-49532-2},
 note = {Roos, Eberhard (VerfasserIn)

Maile, Karl (VerfasserIn)

Seidenfu{\ss}, Michael (VerfasserIn)}
}


@online{Swantec.20200225,
 author = {Swantec},
 year = {2020-02-25},
 title = {{Widerstandsschwei{\ss}en}},
 url = {https://www.swantec.com/de/technologie/widerstandsschweissen/#Elektrodenabbaus},
 keywords = {Punktschwei{\ss}en},
 urldate = {2020-11-20},
 abstract = {Develops and supplies welding software, SORPAS, for simulation and optimization of resistance welding, spot welding and mechanical joining processes.},
 note = {Copyright: Copyright (c)1999-2020 SWANTEC Software and Engineering ApS. All Rights Reserved.}
}


@online{TDR_tutorial.GraniteIslandGroup.20170531,
 editor = {{Granite Island Group}},
 year = {2017-05-31},
 title = {{TDR Tutorial - Waveform Analysis}},
 url = {http://www.tscm.com/riwavef.html},
 urldate = {2020-12-29},
 abstract = {}
}


@book{Theoretische.Festkörperphysik.Band.1.Czycholl.2016,
 author = {Czycholl, Gerd},
 year = {2016},
 title = {{Theoretische Festk{\"o}rperphysik Band 1}},
 keywords = {Festk{\"o}rper;Physik},
 publisher = {{Springer Berlin Heidelberg}},
 isbn = {978-3-662-47140-1},
 location = {Berlin, Heidelberg},
 abstract = {},
 doi = {10.1007/978-3-662-47141-8}
}


@book{Theoretische.Festkörperphysik.Band.2.Czycholl.2017,
 author = {Czycholl, Gerd},
 year = {2017},
 title = {{Theoretische Festk{\"o}rperphysik Band 2}},
 keywords = {Festk{\"o}rper;Physik},
 publisher = {{Springer Berlin Heidelberg}},
 isbn = {978-3-662-53700-8},
 location = {Berlin, Heidelberg},
 abstract = {},
 doi = {10.1007/978-3-662-53701-5}
}


@misc{Unbekannt.,
 author = {Unbekannt},
 title = {{Elektrische und magnetische Bauelemente der Physikalischen Technik}},
 keywords = {Elektronik},
 abstract = {},
 organization = {{Hochschule RheinMain}},
 subtitle = {{Skript zur Vorlesung {\textquotedbl}Elektrische und magnetische Bauelemente{\textquotedbl}, Sommersemester 2020}}
}


@book{Weissbach.2018.WerkstoffkundeUndIhreAnwendungen,
 author = {Wei{\ss}bach, Wolfgang and Dahms, Michael and Jaroschek, Christoph},
 year = {2018},
 title = {{Werkstoffe und ihre Anwendungen}},
 keywords = {Werkstoffe},
 edition = {20., {\"u}berarbeitete Auflage},
 publisher = {{Springer Vieweg}},
 isbn = {978-3-658-19891-6},
 subtitle = {{Metalle, Kunststoffe und mehr}},
 language = {ger},
 location = {Wiesbaden},
 series = {{SpringerLink B{\"u}cher}},
 abstract = {Metallische Werkstoffe -- Die Legierung Eisen-Kohlenstoff -- Stahlsorten, Normen und Verwendungsgruppen -- Stoffeigenschaft {\"a}ndern -- Eisen-Gusswerkstoffe -- Nichteisenmetalle -- Anorganisch-nichtmetallische Stoffe -- Kunststoffe -- Verbundstrukturen und Verbundwerkstoffe - Werkstoffe besonderer Herstellung und spezieller Eigenschaften -- Korrosionsbeanspruchung -- Tribologische Beanspruchung -- Werkstoffpr{\"u}fung -- Systematische Bezeichnung der Werkstoffe



Das Standardwerk der Werkstoffkunde ist mit seiner anwendungsnahen Darstellung passgenau f{\"u}r den Einsatz an Fachschulen und Hochschulen. Die Aktualisierung von Normen kennzeichnet jede neue Auflage. In der 20. Auflage wurde das Kapitel zur Materialauswahl neu gefasst sowie das Sachwortverzeichnis erg{\"a}nzt. Inhalt - Metallische Werkstoffe - Die Legierung Eisen-Kohlenstoff - Stahlsorten, Normen und Verwendungsgruppen - Stoffeigenschaft {\"a}ndern - Eisen-Gusswerkstoffe - Nichteisenmetalle - Anorganisch-nichtmetallische Stoffe - Kunststoffe - Verbundstrukturen und Verbundwerkstoffe - Werkstoffe besonderer Herstellung und spezieller Eigenschaften - Korrosionsbeanspruchung - Beanspruchung - Werkstoffpr{\"u}fung - Systematische Bezeichnung der Werkstoffe Zielgruppe - Studierende der Maschinenbautechnik an Fachschulen - Studierende des Maschinenbaus an Hochschulen {\"U}ber die Autoren Wolfgang Wei{\ss}bach, lngenieur und langj{\"a}hriger Fachschullehrer, ist heute auf die Weitergabe von Wissen und Erfahrung in Fachb{\"u}chern spezialisiert. Prof. Dr.-Ing. Michael Dahms lehrt Werkstofftechnik an der Hochschule Flensburg. Prof. Dr. Christoph Jaroschek vertritt die Lehrgebiete Kunststoffverarbeitung, Werkstoffkunde sowie Kunststoffwerkzeuge und Maschinen an der Fachhochschule Bielefeld},
 pagetotal = {601},
 doi = {10.1007/978-3-658-19892-3},
 note = {Wei{\ss}bach, Wolfgang (VerfasserIn)

Dahms, Michael (VerfasserIn)

Jaroschek, Christoph (VerfasserIn)}
}


@online{Wikipedia.2020.BologneserTraene,
 editor = {Wikipedia},
 year = {2020},
 title = {{Bologneser Tr{\"a}ne}},
 url = {https://de.wikipedia.org/w/index.php?title=Bologneser_Träne&oldid=195528312},
 urldate = {2020-12-06},
 abstract = {Bologneser Tr{\"a}nen (auch Bologneser Glastr{\"a}nen oder Batavische Tropfen oder Prince Rupert's Drop auf Englisch) sind kleine Glastropfen, mit einem Kopf der sich zu einem Schwanz verj{\"u}ngt. Sie stehen durch die Art ihrer Herstellung derart unter Eigenspannung, dass der Kopf der Tr{\"a}ne eine hohe mechanische Belastbarkeit aufweist und Hammerschl{\"a}ge aush{\"a}lt, der komplette Tropfen aber beim Abbrechen seines Schwanzes zu Glasstaub zerspringt.},
 file = {Wikipedia (Hg.) 2020 - Bologneser Träne:Z\:\\HSRM\\LaTex_Quellen\\HSRM_Quellen\\Citavi Attachments\\Wikipedia (Hg.) 2020 - Bologneser Träne.pdf:pdf},
 note = {Creative Commons Attribution-ShareAlike License

Page Version ID: 195528312},
 language = {de}
}


@online{Wikipedia.2020.Du.Nouey.RingMethod,
 editor = {Wikipedia},
 year = {2020},
 title = {{Du No{\"u}y ring method}},
 url = {https://en.wikipedia.org/w/index.php?title=Du_Noüy_ring_method&oldid=981422449},
 keywords = {PhysPrakt3-4},
 urldate = {2021-01-09},
 abstract = {The du No{\"u}y ring method is a technique for measuring the surface tension of a liquid. The method involves slowly lifting a ring, often made of platinum, from the surface of a liquid.  The force, 







F





{\displaystyle F}

, required to raise the ring from the liquid's surface is measured and related to the liquid's surface tension,







\textgreek{g}





{\displaystyle \gamma }

:







F

=



w



(

r

i

n

g

)





+

2

\textgreek{p}

$\cdot$

(



r



i





+



r



a





)

$\cdot$

\textgreek{g}





{\displaystyle F=w_{(ring)}+2$\backslash$pi $\backslash$cdot (r{\_}{i}+r{\_}{a})$\backslash$cdot $\backslash$gamma }



where









r



i









{\displaystyle r_{i}}

is the radius of the inner ring of the liquid film pulled and









r



a









{\displaystyle r_{a}}

is the radius of the outer ring of the liquid film.









w



(

r

i

n

g

)









{\displaystyle w_{(ring)}}

is the weight of the ring minus the buoyant force due to the part of the ring below the liquid surface.When the ring's thickness is much smaller than its diameter, this equation can be simplified to:







F

=



w



(

r

i

n

g

)





+

4

\textgreek{p}

R

\textgreek{g}





{\displaystyle F=w_{(ring)}+4$\backslash$pi R$\backslash$gamma }



where R is the average of the inner and outer radius of the ring.This technique was proposed by the French physicist Pierre Lecomte du No{\"u}y (1883--1947) in a paper published in 1925.

The measurement is performed with a force tensiometer, which typically uses an electrobalance to measure the excess force caused by the liquid being pulled up and automatically calculates and displays the surface tension corresponding to the force. Earlier, torsion wire balances were commonly used. The maximum force is used for the calculations, and empirically determined correction factors are required to remove the effect caused by the finite diameter of the ring:







F

=



w



(

r

i

n

g

)





+

4

\textgreek{p}

R

\textgreek{g}

f





{\displaystyle F=w_{(ring)}+4$\backslash$pi R$\backslash$gamma f}



with f being the correction factor.

The most common correction factors include those by Zuidema and Waters (for liquids with low interfacial tension), Huh and Mason (which covers a wider range than Zuidema-Waters), and Harkins and Jordan (more precise than Huh-Mason while still covering the most widely used liquids).},
 file = {Wikipedia (Hg.) 2020 - Du Noüy ring method:Z\:\\HSRM\\LaTex_Quellen\\HSRM_Quellen\\Citavi Attachments\\Wikipedia (Hg.) 2020 - Du Noüy ring method.pdf:pdf},
 note = {Creative Commons Attribution-ShareAlike License

Page Version ID: 981422449},
 language = {en}
}


@online{Wikipedia.2020.InstrumentationAmplifier,
 editor = {Wikipedia},
 year = {2020},
 title = {{Instrumentation amplifier}},
 url = {https://en.wikipedia.org/w/index.php?title=Instrumentation_amplifier&oldid=942222689},
 keywords = {PhysPrakt3-4},
 urldate = {2021-01-09},
 abstract = {An instrumentation (or instrumentational) amplifier (sometimes shorthanded as In-Amp or InAmp) is a type of differential amplifier that has been outfitted with input buffer amplifiers, which eliminate the need for input impedance matching and thus make the amplifier particularly suitable for use in measurement and test equipment. Additional characteristics include very low DC offset, low drift, low noise, very high open-loop gain, very high common-mode rejection ratio, and very high input impedances. Instrumentation amplifiers are used where great accuracy and stability of the circuit both short and long-term are required.

Although the instrumentation amplifier is usually shown schematically identical to a standard operational amplifier (op-amp), the electronic instrumentation amp is almost always internally composed of 3 op-amps. These are arranged so that there is one op-amp to buffer each input (+,$-$), and one to produce the desired output with adequate impedance matching for the function.The most commonly used instrumentation amplifier circuit is shown in the figure.  The gain of the circuit is











A



v







=







V





o

u

t











V



2





$-$



V



1











=



(



1

+







2



R



1









R





g

a

i

n













)









R



3







R



2













{\displaystyle {A_{v}}={\frac {V_{\mathrm {out} }}{V_{2}-V{\_}{1}}}=\left(1+{2R_{1} $\backslash$over R{\_}{\mathrm {gain} }}$\backslash$right){R_{3} $\backslash$over R{\_}{2}}}

The rightmost amplifier, along with the resistors labelled









R



2









{\displaystyle R_{\text{2}}}

and









R



3









{\displaystyle R_{\text{3}}}

is just the standard differential amplifier circuit, with gain =









R



3







/





R



2









{\displaystyle R_{\text{3}}/R{\_}{\text{2}}}

and differential input resistance = 2·









R



2









{\displaystyle R_{\text{2}}}

. The two amplifiers on the left are the buffers. With









R



gain









{\displaystyle R_{\text{gain}}}

removed (open circuited), they are simple unity gain buffers; the circuit will work in that state, with gain simply equal to









R



3







/





R



2









{\displaystyle R_{\text{3}}/R{\_}{\text{2}}}

and high input impedance because of the buffers. The buffer gain could be increased by putting resistors between the buffer inverting inputs and ground to shunt away some of the negative feedback; however, the single resistor









R



gain









{\displaystyle R_{\text{gain}}}

between the two inverting inputs is a much more elegant method: it increases the differential-mode gain of the buffer pair while leaving the common-mode gain equal to 1. This increases the common-mode rejection ratio (CMRR) of the circuit and also enables the buffers to handle much larger common-mode signals without clipping than would be the case if they were separate and had the same gain.

Another benefit of the method is that it boosts the gain using a single resistor rather than a pair, thus avoiding a resistor-matching problem, and very conveniently allowing the gain of the circuit to be changed by changing the value of a single resistor. A set of switch-selectable resistors or even a potentiometer can be used for









R



gain









{\displaystyle R_{\text{gain}}}

, providing easy changes to the gain of the circuit, without the complexity of having to switch matched pairs of resistors.

The ideal common-mode gain of an instrumentation amplifier is zero.  In the circuit shown, common-mode gain is caused by mismatch in the resistor ratios









R



2







/





R



3









{\displaystyle R_{\text{2}}/R{\_}{\text{3}}}

and by the mis-match in common mode gains of the two input op-amps.  Obtaining very closely matched resistors is a significant difficulty in fabricating these circuits, as is optimizing the common mode performance.An instrumentation amp can also be built with two op-amps to save on cost, but the gain must be higher than two (+6 dB).Instrumentation amplifiers can be built with individual op-amps and precision resistors, but are also available in integrated circuit form from several manufacturers (including Texas Instruments, Analog Devices, Linear Technology and Maxim Integrated Products).  An IC instrumentation amplifier typically contains closely matched laser-trimmed resistors, and therefore offers excellent common-mode rejection. Examples include INA128, AD8221, LT1167 and MAX4194.

Instrumentation Amplifiers can also be designed using {\textquotedbl}Indirect Current-feedback Architecture{\textquotedbl}, which extend the operating range of these amplifiers to the negative power supply rail, and in some cases the positive power supply rail. This can be particularly useful in single-supply systems, where the negative power rail is simply the circuit ground (GND). Examples of parts utilizing this architecture are MAX4208/MAX4209 and AD8129/AD8130.},
 file = {Wikipedia (Hg.) 2020 - Instrumentation amplifier:Z\:\\HSRM\\LaTex_Quellen\\HSRM_Quellen\\Citavi Attachments\\Wikipedia (Hg.) 2020 - Instrumentation amplifier.pdf:pdf},
 note = {Creative Commons Attribution-ShareAlike License

Page Version ID: 942222689},
 language = {en}
}


@online{Wikipedia.2020.Keramik,
 editor = {Wikipedia},
 year = {2020},
 title = {{Keramik}},
 url = {https://de.wikipedia.org/w/index.php?title=Keramik&oldid=205746985},
 urldate = {2020-12-06},
 abstract = {Der Begriff Keramik, auch keramische Massen, bezeichnet in der Fachsprache eine Vielzahl anorganischer nichtmetallischer Werkstoffe, die grob in die Typen Irdengut, Steingut, Steinzeug, Porzellan und Sondermassen unterteilt werden k{\"o}nnen (siehe auch Klassifikation keramischer Massen). Allgemeinsprachlich dient Keramik auch als Oberbegriff f{\"u}r die geformten und gebrannten Produkte, die als Gebrauchs- und Ziergegenst{\"a}nde, Bauteile oder Werkzeuge verwendet werden. Au{\ss}erdem k{\"o}nnen die Herstellungstechnik, das Handwerk (bzw. Kunsthandwerk) und die keramische Produktion damit gemeint sein.Man unterscheidet unter anderem Tonkeramik und Glaskeramik. In der Gegenwart spielt die technische Keramik eine bedeutende Rolle, zu der auch die Verbundkeramik z{\"a}hlt. In kulturhistorischen und arch{\"a}ologischen Studien wird vor allem nach der Verwendung im Alltag unterschieden: Gef{\"a}{\ss}keramik (Tischgeschirr, Trinkgeschirr, Kochgeschirr, Sonderformen), Baukeramik (Dachziegel, Backsteine, Bodenfliesen und Wandfliesen), Ofenkeramik (Ofenkacheln, Kachelofenf{\"u}{\ss}e, Abdeckplatten) und Sanit{\"a}rkeramik (Waschbecken, WC-Sch{\"u}sseln, Badewannen).

Das Wort Keramik stammt aus dem Altgriechischen: \textgreek{k'eramos} keramos war die Bezeichnung f{\"u}r Tonminerale und die aus ihm durch Brennen hergestellten formbest{\"a}ndigen Erzeugnisse, wie sie etwa im antiken Athener Bezirk Kerameikos produziert wurden. Das T{\"o}pferhandwerk wurde als \textgreek{keramik`h} (\textgreek{t'eqnh}) keramikḗ (t{\'e}chnē) bezeichnet; sp{\"a}ter ging die Bezeichnung auch auf die Produkte {\"u}ber.},
 file = {Wikipedia (Hg.) 2020 - Keramik:Z\:\\HSRM\\LaTex_Quellen\\HSRM_Quellen\\Citavi Attachments\\Wikipedia (Hg.) 2020 - Keramik.pdf:pdf},
 note = {Creative Commons Attribution-ShareAlike License

Page Version ID: 205746985},
 language = {de}
}


@online{Wikipedia.2020.Straingauge,
 editor = {Wikipedia},
 year = {2020},
 title = {{Strain gauge}},
 url = {https://en.wikipedia.org/w/index.php?title=Strain_gauge&oldid=997202866},
 keywords = {PhysPrakt3-4},
 urldate = {2021-01-09},
 abstract = {A strain gauge (also spelled strain gage) is a device used to measure strain on an object. Invented by Edward E. Simmons and Arthur C. Ruge in 1938, the most common type of strain gauge consists of an insulating flexible backing which supports a metallic foil pattern.  The gauge is attached to the object by a suitable adhesive, such as cyanoacrylate.  As the object is deformed, the foil is deformed, causing its electrical resistance to change.  This resistance change, usually measured using a Wheatstone bridge, is related to the strain by the quantity known as the gauge factor.},
 file = {Wikipedia (Hg.) 2020 - Strain gauge:Z\:\\HSRM\\LaTex_Quellen\\HSRM_Quellen\\Citavi Attachments\\Wikipedia (Hg.) 2020 - Strain gauge.pdf:pdf},
 note = {Creative Commons Attribution-ShareAlike License

Page Version ID: 997202866},
 language = {en}
}


@online{Wikipedia.2021.SurfaceTension,
 editor = {Wikipedia},
 year = {2021},
 title = {{Surface tension}},
 url = {https://en.wikipedia.org/w/index.php?title=Surface_tension&oldid=999043034},
 keywords = {PhysPrakt3-4},
 urldate = {2021-01-09},
 abstract = {Surface tension is the tendency of liquid surfaces to shrink into the minimum surface area possible. Surface tension allows insects (e.g. water striders), to float and slide on a water surface without becoming even partly submerged.

At liquid--air interfaces, surface tension results from the greater attraction of liquid molecules to each other (due to cohesion) than to the molecules in the air (due to adhesion).

There are two primary mechanisms in play. One is an inward force on the surface molecules causing the liquid to contract. Second is a tangential force parallel to the surface of the liquid. The net effect is the liquid behaves as if its surface were covered with a stretched elastic membrane.

Because of the relatively high attraction of water molecules to each other through a web of hydrogen bonds, water has a higher surface tension (72.8 millinewtons (mN) per meter at 20 °C) than most other liquids. Surface tension is an important factor in the phenomenon of capillarity.

Surface tension has the dimension of force per unit length, or of energy per unit area. The two are equivalent, but when referring to energy per unit of area, it is common to use the term surface energy, which is a more general term in the sense that it applies also to solids.

In materials science, surface tension is used for either surface stress or surface energy.},
 file = {Wikipedia (Hg.) 2021 - Surface tension:Z\:\\HSRM\\LaTex_Quellen\\HSRM_Quellen\\Citavi Attachments\\Wikipedia (Hg.) 2021 - Surface tension.pdf:pdf},
 note = {Creative Commons Attribution-ShareAlike License

Page Version ID: 999043034},
 language = {en}
}


@online{Wikipedia.en.PianoWire.20201218,
 editor = {Wikipedia},
 year = {2020},
 title = {{Piano wire}},
 url = {https://en.wikipedia.org/w/index.php?title=Piano_wire&oldid=961263978},
 urldate = {2020-12-15},
 abstract = {Piano wire, or {\textquotedbl}music wire{\textquotedbl}, is a specialized type of wire made for use in piano strings but also in other applications as springs. It is made from tempered high-carbon steel, also known as spring steel, which replaced iron as the material starting in 1834.

Piano wire has a very high tensile strength to cope with the heavy demands placed upon piano strings; accordingly, piano wire is also used for a number of other purposes, including springs, surgical uses, and in special effects.},
 file = {Wikipedia (Hg.) 2020 - Piano wire:Z\:\\HSRM\\LaTex_Quellen\\HSRM_Quellen\\Citavi Attachments\\Wikipedia (Hg.) 2020 - Piano wire.pdf:pdf},
 note = {Creative Commons Attribution-ShareAlike License

Page Version ID: 961263978},
 language = {en}
}


@online{Wikipedia.ExponentialDecay,
 editor = {Wikipedia},
 year = {2020},
 title = {{Exponential decay}},
 url = {https://en.wikipedia.org/w/index.php?title=Exponential_decay&oldid=986183425},
 keywords = {Halbwertszeit;Kernphysik;Physik;Zerfall},
 urldate = {2020-11-30},
 abstract = {A quantity is subject to exponential decay if it decreases at a rate proportional to its current value.  Symbolically, this process can be expressed by the following differential equation, where N is the quantity and \textgreek{l} (lambda) is a positive rate called the exponential decay constant:













d

N





d

t







=

$-$

\textgreek{l}

N

.





{\displaystyle {\frac {dN}{dt}}=-\lambda N.}

The solution to this equation (see derivation below) is:







N

(

t

)

=



N



0







e



$-$

\textgreek{l}

t





,





{\displaystyle N(t)=N_{0}e{\^{}}{-\lambda t},}

where N(t) is the quantity at time t, N0 = N(0) is the initial quantity, that is, the quantity at time t = 0, and the constant \textgreek{l} is called the decay constant, disintegration constant, rate constant, or transformation constant.},
 file = {Wikipedia (Hg.) 2020 - Exponential decay:Z\:\\HSRM\\LaTex_Quellen\\HSRM_Quellen\\Citavi Attachments\\Wikipedia (Hg.) 2020 - Exponential decay.pdf:pdf},
 note = {Creative Commons Attribution-ShareAlike License

Page Version ID: 986183425},
 language = {en}
}


@online{Wikipedia.Half-Life,
 editor = {Wikipedia},
 year = {2020},
 title = {{Half-life}},
 url = {https://en.wikipedia.org/w/index.php?title=Half-life&oldid=990935819},
 keywords = {Halbwertszeit;Kernphysik;Physik;PhysPraktikum;Zerfall},
 urldate = {2020-11-30},
 abstract = {Half-life (symbol t1⁄2) is the time required for a quantity to reduce to half of its initial value. The term is commonly used in nuclear physics to describe how quickly unstable atoms undergo, or how long stable atoms survive, radioactive decay. The term is also used more generally to characterize any type of exponential or non-exponential decay. For example, the medical sciences refer to the biological half-life of drugs and other chemicals in the human body. The converse of half-life is doubling time.

The original term, half-life period, dating to Ernest Rutherford's discovery of the principle in 1907, was shortened to half-life in the early 1950s. Rutherford applied the principle of a radioactive element's half-life to studies of age determination of rocks by measuring the decay period of radium to lead-206.

Half-life is constant over the lifetime of an exponentially decaying quantity, and it is a characteristic unit for the exponential decay equation. The accompanying table shows the reduction of a quantity as a function of the number of half-lives elapsed.},
 file = {Wikipedia (Hg.) 2020 - Half-life:Z\:\\HSRM\\LaTex_Quellen\\HSRM_Quellen\\Citavi Attachments\\Wikipedia (Hg.) 2020 - Half-life.pdf:pdf},
 note = {Creative Commons Attribution-ShareAlike License

Page Version ID: 990935819},
 language = {en}
}


@article{Xu.2019.CeramicAerogelSuperinsulation,
 author = {Xu, Xiang and Zhang, Qiangqiang and Hao, Menglong and Hu, Yuan and Lin, Zhaoyang and Peng, Lele and Wang, Tao and Ren, Xuexin and Wang, Chen and Zhao, Zipeng and Wan, Chengzhang and Fei, Huilong and Wang, Lei and Zhu, Jian and Sun, Hongtao and Chen, Wenli and Du, Tao and Deng, Biwei and Cheng, Gary J. and Shakir, Imran and Dames, Chris and Fisher, Timothy S. and Zhang, Xiang and Li, Hui and Huang, Yu and Duan, Xiangfeng},
 year = {2019},
 title = {{Double-negative-index ceramic aerogels for thermal superinsulation}},
 url = {https://science.sciencemag.org/content/363/6428/723},
 pages = {723--727},
 pagination = {page},
 volume = {363},
 issn = {1095-9203},
 journaltitle = {{Science}},
 language = {eng},
 doi = {10.1126/science.aav7304},
 number = {6428},
 abstract = {Ceramic aerogels are attractive for thermal insulation but plagued by poor mechanical stability and degradation under thermal shock. In this study, we designed and synthesized hyperbolic architectured ceramic aerogels with nanolayered double-pane walls with a negative Poisson's ratio (-0.25) and a negative linear thermal expansion coefficient (-1.8 $\times$ 10-6 per °C). Our aerogels display robust mechanical and thermal stability and feature ultralow densities down to {\~{}}0.1 milligram per cubic centimeter, superelasticity up to 95{\%}, and near-zero strength loss after sharp thermal shocks (275°C per second) or intense thermal stress at 1400°C, as well as ultralow thermal conductivity in vacuum [{\~{}}2.4 milliwatts per meter-kelvin (mW/m·K)] and in air ({\~{}}20 mW/m·K). This robust material system is ideal for thermal superinsulation under extreme conditions, such as those encountered by spacecraft.},
 file = {Xu, Zhang et al. 2019 - Double-negative-index ceramic aerogels for thermal:Z\:\\HSRM\\LaTex_Quellen\\HSRM_Quellen\\Citavi Attachments\\Xu, Zhang et al. 2019 - Double-negative-index ceramic aerogels for thermal.pdf:pdf},
 note = {Journal Article

Research Support, Non-U.S. Gov't

Research Support, U.S. Gov't, Non-P.H.S.},
 eprint = {30765563}
}


